@inproceedings{chung2015recurrent,
	title={A recurrent latent variable model for sequential data},
	author={Chung, Junyoung and Kastner, Kyle and Dinh, Laurent and Goel, Kratarth and Courville, Aaron C and Bengio, Yoshua},
	booktitle={Advances in neural information processing systems},
	pages={2980--2988},
	year={2015}
}
@inproceedings{fraccaro2016sequential,
	title={Sequential neural models with stochastic layers},
	author={Fraccaro, Marco and S{\o}nderby, S{\o}ren Kaae and Paquet, Ulrich and Winther, Ole},
	booktitle={Advances in neural information processing systems},
	pages={2199--2207},
	year={2016}
}
@inproceedings{goyal2017z,
	title={Z-forcing: Training stochastic recurrent networks},
	author={Goyal, Anirudh Goyal Alias Parth and Sordoni, Alessandro and C{\^o}t{\'e}, Marc-Alexandre and Ke, Nan Rosemary and Bengio, Yoshua},
	booktitle={Advances in neural information processing systems},
	pages={6713--6723},
	year={2017}
}